<record><leader>00000cas a22000007a 4500</leader><controlfield tag="001">35573473</controlfield><controlfield tag="008">960917d1910191uokuwr n       0    0eng d</controlfield><datafield ind1=" " ind2=" " tag="010"><subfield code="a">sn 96093990 </subfield></datafield><datafield ind1=" " ind2=" " tag="040"><subfield code="a">OBN</subfield><subfield code="b">eng</subfield><subfield code="c">OBN</subfield><subfield code="d">OCLCQ</subfield><subfield code="d">OCLCF</subfield><subfield code="d">OCLCO</subfield></datafield><datafield ind1="1" ind2=" " tag="029"><subfield code="a">AU@</subfield><subfield code="b">000012845467</subfield></datafield><datafield ind1=" " ind2=" " tag="042"><subfield code="a">msc</subfield></datafield><datafield ind1=" " ind2=" " tag="043"><subfield code="a">n-us-ok</subfield></datafield><datafield ind1="0" ind2="4" tag="245"><subfield code="a">The Morrison homecrofter.</subfield></datafield><datafield ind1="3" ind2=" " tag="246"><subfield code="a">Homecrofter</subfield></datafield><datafield ind1=" " ind2=" " tag="260"><subfield code="a">The Morrison, Noble County, Okla. :</subfield><subfield code="b">R.W. Gunion</subfield></datafield><datafield ind1=" " ind2=" " tag="300"><subfield code="a">v.</subfield></datafield><datafield ind1=" " ind2=" " tag="310"><subfield code="a">Weekly</subfield></datafield><datafield ind1="1" ind2=" " tag="362"><subfield code="a">Began in Apr. 1910.</subfield></datafield><datafield ind1=" " ind2=" " tag="500"><subfield code="a">"Successor to Morrison New Era."</subfield></datafield><datafield ind1=" " ind2=" " tag="588"><subfield code="a">Description based on: Vol. 2, no. 28 (Apr. 28, 1910).</subfield></datafield><datafield ind1=" " ind2="0" tag="651"><subfield code="a">Morrison (Okla.)</subfield><subfield code="v">Newspapers.</subfield></datafield><datafield ind1=" " ind2="0" tag="651"><subfield code="a">Noble County (Okla.)</subfield><subfield code="v">Newspapers.</subfield></datafield><datafield ind1=" " ind2="7" tag="655"><subfield code="a">Newspapers.</subfield><subfield code="2">fast</subfield><subfield code="0">(OCoLC)fst01423814</subfield></datafield><datafield ind1=" " ind2="7" tag="651"><subfield code="a">Oklahoma</subfield><subfield code="z">Morrison.</subfield><subfield code="2">fast</subfield><subfield code="0">(OCoLC)fst01302443</subfield></datafield><datafield ind1=" " ind2="7" tag="651"><subfield code="a">Oklahoma</subfield><subfield code="z">Noble County.</subfield><subfield code="2">fast</subfield><subfield code="0">(OCoLC)fst01209446</subfield></datafield><datafield ind1=" " ind2=" " tag="752"><subfield code="a">United States</subfield><subfield code="b">Oklahoma</subfield><subfield code="c">Noble</subfield><subfield code="d">Morrison.</subfield></datafield><datafield ind1="0" ind2="0" tag="780"><subfield code="t">Morrison new era</subfield><subfield code="w">(DLC)sn 96093989</subfield><subfield code="w">(OCoLC)35573335</subfield></datafield></record>